% RNA Importance
@article{encode2012integrated,
  title={An integrated encyclopedia of DNA elements in the human genome},
  author={ENCODE Project Consortium},
  journal={Nature},
  volume={489},
  number={7414},
  pages={57--74},
  year={2012},
  publisher={Nature Publishing Group}
}

@article{cooper2009rna,
  title={RNA and Disease},
  author={Cooper, Thomas A and Wan, Lili and Dreyfuss, Gideon},
  journal={Cell},
  volume={136},
  number={4},
  pages={777--793},
  year={2009},
  publisher={Elsevier}
}

@article{burke2012structure,
  title={Structure of the Yeast U2/U6 SnRNA Complex},
  author={Burke, Jordan E and Sashital, Dipali G and Zuo, Xiaobing and Wang, Yun-Xing and Butcher, Samuel E},
  journal={RNA},
  volume={18},
  number={4},
  pages={673--683},
  year={2012},
  publisher={Cold Spring Harbor Lab}
}

@article{meiler2003rapid,
  title={Rapid Protein Fold Determination Using Unassigned NMR Data},
  author={Meiler, Jens and Baker, David},
  journal={Proceedings of the National Academy of Sciences},
  volume={100},
  number={26},
  pages={15404--15409},
  year={2003},
  publisher={National Acad Sciences}
}

@article{lee2016integrative,
  title={Integrative NMR for Biomolecular Research},
  author={Lee, Woonghee and Cornilescu, Gabriel and Dashti, Hesam and Eghbalnia, Hamid R and Tonelli, Marco and Westler, William M and Butcher, Samuel E and Henzler-Wildman, Katherine A and Markley, John L},
  journal={Journal of Biomolecular NMR},
  volume={64},
  number={4},
  pages={307--332},
  year={2016},
  publisher={Springer}
}


% Using Unassigned NMR Data 
@article{bermejo2008deuterated,
  title={Deuterated Protein Folds Obtained Directly from Unassigned NOE Data},
  author={Bermejo, Guillermo A and Llin{\'a}s, Miguel},
  journal={Journal of the American Chemical Society},
  volume={130},
  number={12},
  pages={3797},
  year={2008},
  publisher={NIH Public Access}
}

@article{courtney2015experimental,
  title={Experimental Protein Structure Verification by Scoring with a Single, Unassigned NMR Spectrum},
  author={Courtney, Joseph M and Ye, Qing and Nesbitt, Anna E and Tang, Ming and Tuttle, Marcus D and Watt, Eric D and Nuzzio, Kristin M and Sperling, Lindsay J and Comellas, Gemma and Peterson, Joseph R and others},
  journal={Structure},
  volume={23},
  number={10},
  pages={1958--1966},
  year={2015},
  publisher={Elsevier}
}

@article{hart2008nmr,
  title={NMR-Assisted Prediction of RNA Secondary Structure: Identification of a Probable Pseudoknot in the Coding Region of an R2 Retrotransposon},
  author={Hart, James M and Kennedy, Scott D and Mathews, David H and Turner, Douglas H},
  journal={Journal of the American Chemical Society},
  volume={130},
  number={31},
  pages={10233--10239},
  year={2008},
  publisher={ACS Publications}
}

@article{chen2015nuclear,
  title={Nuclear Magnetic Resonance-Assisted Prediction of Secondary Structure for RNA: Incorporation of Direction-Dependent Chemical Shift Constraints},
  author={Chen, Jonathan L and Bellaousov, Stanislav and Tubbs, Jason D and Kennedy, Scott D and Lopez, Michael J and Mathews, David H and Turner, Douglas H},
  journal={Biochemistry},
  volume={54},
  number={45},
  pages={6769},
  year={2015},
  publisher={American Chemical Society}
}

% Hungarian Algorithm
@article{kuhn1955hungarian,
  title={The Hungarian Method for the Assignment Problem},
  author={Kuhn, Harold W},
  journal={Naval Research Logistics Quarterly},
  volume={2},
  number={1-2},
  pages={83--97},
  year={1955},
  publisher={Wiley Online Library}
}

@article{munkres1957algorithms,
  title={Algorithms for the Assignment and Transportation Problems},
  author={Munkres, James},
  journal={Journal of the Society for Industrial and Applied Mathematics},
  volume={5},
  number={1},
  pages={32--38},
  year={1957},
  publisher={SIAM}
}

% Hybrid Methods
@article{richards2006structure,
  title={Structure of the Tetrahymena Thermophila Telomerase RNA Helix II Template Boundary Element},
  author={Richards, Rebecca J and Theimer, Carla A and Finger, L David and Feigon, Juli},
  journal={Nucleic Acids Research},
  volume={34},
  number={3},
  pages={816--825},
  year={2006},
  publisher={Oxford Univ Press}
}


@article{sripakdeevong2014structure,
  title={Structure Determination of Noncanonical RNA Motifs Guided by 1H NMR Chemical Shifts},
  author = {Sripakdeevong, Parin and Cevec, Mirko and Chang, Andrew T and Erat, Mich{\`e}le C and Ziegeler, Melanie and Zhao, Qin and Fox, George E and Gao, Xiaolian and Kennedy, Scott D. and Kierzek, Ryszard and Nikonowicz, Edward P and Schwalbe, Harald and Sigel, Roland K O and Turner, Douglas H. and Das, Rhiju},
  journal={Nature Methods},
  volume={11},
  number={4},
  pages={413--416},
  year={2014},
  publisher={Nature Publishing Group}
}

% RNA chemical shift prediction
@article{frank2013prediction,
  title={Prediction of RNA 1H and 13C Chemical Shifts: A Structure Based Approach},
  author={Frank, Aaron T and Bae, Sung-Hun and Stelzer, Andrew C},
  journal={J. Phys. Chem. B},
  volume={117},
  number={43},
  pages={13497--13506},
  year={2013},
  publisher={ACS Publications}
}

@article{frank2014simple,
  title={A Simple and Fast Approach for Predicting 1H and 13C Chemical Shifts: Toward Chemical Shift-Guided Simulations of RNA},
  author={Frank, Aaron T and Law, Sean M and Brooks III, Charles L},
  journal={The Journal of Physical Chemistry B},
  volume={118},
  number={42},
  pages={12168--12175},
  year={2014},
  publisher={ACS Publications}
}



@article{frank2013utility,
  title={Utility of 1H NMR Chemical Shifts in Determining RNA Structure and Dynamics},
  author={Frank, Aaron T and Horowitz, Scott and Andricioaei, Ioan and Al-Hashimi, Hashim M},
  journal={The Journal of Physical Chemistry B},
  volume={117},
  number={7},
  pages={2045--2052},
  year={2013},
  publisher={ACS Publications}
}


@article{brooks1983charmm,
  title={{CHARMM: A Program for Macromolecular Energy, Minimization, and Dynamics Calculations}},
  author={Brooks, B.R. and Bruccoleri, R.E. and Olafson, B.D. and Karplus, M.},
  journal={Journal of Computational Chemistry},
  volume={4},
  number={2},
  pages={187--217},
  year={1983},
  publisher={John Wiley \& Sons}
}

@article{mackerell2000development,
  title={Development and Current Status of the CHARMM Force Field for Nucleic Acids},
  author={MacKerell, Alexander D and Banavali, Nilesh and Foloppe, Nicolas},
  journal={Biopolymers},
  volume={56},
  number={4},
  pages={257--265},
  year={2000},
  publisher={Wiley Online Library}
}

@article{das2010atomic,
  title={Atomic Accuracy in Predicting and Designing Noncanonical RNA Structure},
  author={Das, Rhiju and Karanicolas, John and Baker, David},
  journal={Nature Methods},
  volume={7},
  number={4},
  pages={291--294},
  year={2010},
  publisher={Nature Publishing Group}
}


@article{parisien2008mc,
  title={The MC-Fold and MC-Sym Pipeline Infers RNA Structure from Sequence Data},
  author={Parisien, Marc and Major, Francois},
  journal={Nature},
  volume={452},
  number={7183},
  pages={51--55},
  year={2008},
  publisher={Nature Publishing Group}
}


@article{ulrich2008biomagresbank,
  title={BioMagResBank},
  author={Ulrich, Eldon L and Akutsu, Hideo and Doreleijers, Jurgen F and Harano, Yoko and Ioannidis, Yannis E and Lin, Jundong and Livny, Miron and Mading, Steve and Maziuk, Dimitri and Miller, Zachary},
  journal={Nucleic Acids Research},
  volume={36},
  number={suppl 1},
  pages={D402--D408},
  year={2008},
  publisher={Oxford Univ Press}
}

@article{bernstein1977protein,
  title={The Protein Data Bank},
  author={Bernstein, Frances C and Koetzle, Thomas F and Williams, Graheme JB and Meyer, Edgar F and Brice, Michael D and Rodgers, John R and Kennard, Olga and Shimanouchi, Takehiko and Tasumi, Mitsuo},
  journal={European Journal of Biochemistry},
  volume={80},
  number={2},
  pages={319--324},
  year={1977},
  publisher={Wiley Online Library}
}

@article{spearman1904proof,
  title={The Proof and Measurement of Association Between Two Things},
  author={Spearman, Charles},
  journal={The American Journal of Psychology},
  volume={15},
  number={1},
  pages={72--101},
  year={1904},
  publisher={JSTOR}
}

@article{kendall1938new,
  title={A New Measure of Rank Correlation},
  author={Kendall, Maurice G},
  journal={Biometrika},
  volume={30},
  number={1/2},
  pages={81--93},
  year={1938},
  publisher={JSTOR}
}

@article{pearson1895note,
  title={Note on Regression and Inheritance in the Case of Two Parents},
  author={Pearson, Karl},
  journal={Proceedings of the Royal Society of London},
  volume={58},
  pages={240--242},
  year={1895},
  publisher={JSTOR}
}

@article{zhang2004scoring,
  title={Scoring Function for Automated Assessment of Protein Structure Template Quality},
  author={Zhang, Yang and Skolnick, Jeffrey},
  journal={Proteins: Structure, Function, and Bioinformatics},
  volume={57},
  number={4},
  pages={702--710},
  year={2004},
  publisher={Wiley Online Library}
}


@article{zemla1999processing,
  title={Processing and Analysis of CASP3 Protein Structure Predictions},
  author={Zemla, Adam and Venclovas, {\v{C}}eslovas and Moult, John and Fidelis, Krzysztof},
  journal={Proteins: Structure, Function, and Bioinformatics},
  volume={37},
  number={S3},
  pages={22--29},
  year={1999},
  publisher={Wiley Online Library}
}

@article{frank2016can,
  title={Can Holo NMR Chemical Shifts be Directly Used to Resolve RNA--Ligand Poses?},
  author={Frank, Aaron T},
  journal={Journal of Chemical Information and Modeling},
  volume={56},
  number={2},
  pages={368--376},
  year={2016},
  publisher={ACS Publications}
}

@book{frank2011relating,
  title={Relating NMR Observables to Structure and Dynamics in Nucleic Acids and Proteins},
  author={Frank, Aaron T},
  year={2011},
  publisher={University of California, Irvine}
}


@article{hornik2005a,
    title = {A {CLUE} for {CLUster Ensembles}},
    author = {Kurt Hornik},
    year = {2005},
    journal = {Journal of Statistical Software},
    volume = {14},
    number = {12},
    month = {September},
    doi = {10.18637/jss.v014.i12}, 
}

@article{date2016gpu,
  title={GPU-Accelerated Hungarian Algorithms for the Linear Assignment Problem},
  author={Date, Ketan and Nagi, Rakesh},
  journal={Parallel Computing},
  volume={57},
  pages={52--72},
  year={2016},
  publisher={Elsevier}
}

@article{aeschbacher2012procedure,
  title={A Procedure to Validate and Correct the 13C Chemical Shift Calibration of RNA Datasets},
  author={Aeschbacher, Thomas and Schubert, Mario and Allain, Fr{\'e}d{\'e}ric H-T},
  journal={Journal of Biomolecular NMR},
  volume={52},
  number={2},
  pages={179--190},
  year={2012},
  publisher={Springer}
}

@article{swails2015afnmr,
  title={AFNMR: Automated Fragmentation Quantum Mechanical Calculation of NMR Chemical Shifts for Biomolecules},
  author={Swails, Jason and Zhu, Tong and He, Xiao and Case, David A},
  journal={Journal of Biomolecular NMR},
  volume={63},
  number={2},
  pages={125--139},
  year={2015},
  publisher={Springer}
}

@article{chocholouvsova2006implicit,
  title={Implicit Solvent Simulations of DNA and DNA- Protein Complexes: Agreement with Explicit Solvent vs Experiment},
  author={Chocholou{\v{s}}ov{\'a}, Jana and Feig, Michael},
  journal={The Journal of Physical Chemistry B},
  volume={110},
  number={34},
  pages={17240--17251},
  year={2006},
  publisher={ACS Publications}
}

@article{lee2003new,
  title={New Analytic Approximation to the Standard Molecular Volume Definition and Its Application to Generalized Born Calculations},
  author={Lee, Michael S and Feig, Michael and Salsbury, Freddie R and Brooks, Charles L},
  journal={Journal of Computational Chemistry},
  volume={24},
  number={11},
  pages={1348--1356},
  year={2003},
  publisher={Wiley Online Library}
}

@article{lee2002novel,
  title={Novel Generalized Born Methods},
  author={Lee, Michael S and Salsbury Jr, Freddie R and Brooks III, Charles L},
  journal={The Journal of Chemical Physics},
  volume={116},
  number={24},
  pages={10606--10614},
  year={2002},
  publisher={AIP}
}

@article{sich1997structure,
  title={Structure of an RNA Hairpin Loop with a 5'--CGUUUCG--3' Loop Motif by Heteronuclear NMR Spectroscopy and Distance Geometry},
  author={Sich, Christian and Ohlenschl{\"a}ger, Oliver and Ramachandran, Ramadurai and G{\"o}rlach, Matthias and Brown, Larry R},
  journal={Biochemistry},
  volume={36},
  number={46},
  pages={13989--14002},
  year={1997},
  publisher={ACS Publications}
}

@article{szewczak1995sarcin,
  title={The Sarcin/Ricin Loop, a Modular RNA},
  author={Szewczak, AA and Moore, PB},
  journal={Journal of Molecular Biology},
  volume={247},
  number={1},
  pages={81--98},
  year={1995},
  publisher={Elsevier}
}

@article{martin2011mcmcpack,
  title={Mcmcpack: Markov chain monte carlo in r},
  author={Martin, Andrew D and Quinn, Kevin M and Park, Jong Hee},
  year={2011},
  publisher={Foundation for Open Access Statistics}
}

@article{alford2017rosetta,
  title={The Rosetta All-Atom Energy Function for Macromolecular Modeling and Design},
author = {Alford, Rebecca F and Leaver-Fay, Andrew and Jeliazkov, Jeliazko R and O'Meara, Matthew J and DiMaio, Frank P and Park, Hahnbeom and Shapovalov, Maxim V and Renfrew, P Douglas and Mulligan, Vikram K and Kappel, Kalli and Labonte, Jason W and Pacella, Michael S and Bonneau, Richard and Bradley, Philip and Dunbrack, Jr., Roland L and Das, Rhiju and Baker, David and Kuhlman, Brian and Kortemme, Tanja and Gray, Jeffrey J},
  journal={Journal of Chemical Theory and Computation},
  year={2017},
  doi = {},
  pages = {acs.jctc.7b00125},
  month = may,
  publisher={ACS Publications}
}

@article{venkatraman2010comprehensive,
  title={Comprehensive Comparison of Ligand-Based Virtual Screening Tools Against the DUD Data Set Reveals Limitations of Current 3D Methods},
  author={Venkatraman, Vishwesh and P{\'e}rez-Nueno, Violeta I and Mavridis, Lazaros and Ritchie, David W},
  journal={Journal of Chemical Information and Modeling},
  volume={50},
  number={12},
  pages={2079--2093},
  year={2010},
  publisher={ACS Publications}
}

@article{miyazaki2010structure,
  title={Structure of a conserved retroviral RNA packaging element by NMR spectroscopy and cryo-electron tomography},
  author={Miyazaki, Yasuyuki and Irobalieva, Rossitza N and Tolbert, Blanton S and Smalls-Mantey, Adjoa and Iyalla, Kilali and Loeliger, Kelsey and D’Souza, Victoria and Khant, Htet and Schmid, Michael F and Garcia, Eric L and others},
  journal={Journal of molecular biology},
  volume={404},
  number={5},
  pages={751--772},
  year={2010},
  publisher={Elsevier}
}

